<?xml version="1.0" encoding="UTF-8"?><collection xmlns="http://www.loc.gov/MARC21/slim"><record><leader>00626nam--2200181-i-4500</leader><controlfield tag="001">000001475</controlfield><controlfield tag="002">20161230</controlfield><controlfield tag="005">20161230201024</controlfield><controlfield tag="008">060222s1000------------r-----000-0-fre-d</controlfield><datafield ind1=" " ind2=" " tag="040"><subfield code="a">IFIN-HH</subfield></datafield><datafield ind1=" " ind2=" " tag="041"><subfield code="a">fre</subfield></datafield><datafield ind1=" " ind2=" " tag="080"><subfield code="a">539.12.162.8:539-171.112(043)</subfield></datafield><datafield ind1="1" ind2=" " tag="100"><subfield code="a">Giraud-heraud, Yannick</subfield></datafield><datafield ind1="1" ind2="0" tag="245"><subfield code="a">Etude d'estimateurs des variables cinematiques associees a la physique des grands moments transverses. application a des evenements proton-proton a radical s = 53 gev</subfield><subfield code="b">These</subfield><subfield code="c">Yannick giraud-heraud</subfield></datafield><datafield ind1=" " ind2=" " tag="260"><subfield code="a">Orsay</subfield><subfield code="b">Universite Paris</subfield><subfield code="c">1980</subfield></datafield><datafield ind1=" " ind2=" " tag="300"><subfield code="a">107P</subfield></datafield><datafield ind1=" " ind2=" " tag="852"><subfield code="a">70619</subfield><subfield code="c">539.12</subfield></datafield><datafield ind1=" " ind2=" " tag="CAT"><subfield code="a">Sys</subfield><subfield code="c">20111209</subfield><subfield code="h">103640</subfield></datafield></record></collection>